%YAML 1.1
%TAG !u! tag:unity3d.com,2011:
--- !u!114 &11400000
MonoBehaviour:
  m_ObjectHideFlags: 0
  m_CorrespondingSourceObject: {fileID: 0}
  m_PrefabInstance: {fileID: 0}
  m_PrefabAsset: {fileID: 0}
  m_GameObject: {fileID: 0}
  m_Enabled: 1
  m_EditorHideFlags: 0
  m_Script: {fileID: 11500000, guid: d32cf7c32a3ed8347bac48ef5ed56d82, type: 3}
  m_Name: FMODStudioCache
  m_EditorClassIdentifier: 
  EditorBanks:
  - {fileID: 114607344294654016}
  - {fileID: 114300443125978220}
  - {fileID: 114669467724770538}
  - {fileID: 114992604912432692}
  - {fileID: 114322404718707794}
  - {fileID: 114195749626093202}
  - {fileID: 114454208060315156}
  EditorEvents:
  - {fileID: 114676085499494446}
  - {fileID: 114276133823219658}
  - {fileID: 114249840279806306}
  - {fileID: 114040762373766390}
  - {fileID: 114971149763912772}
  - {fileID: 114101515685189766}
  - {fileID: 114739972109066458}
  - {fileID: 114817061806338436}
  - {fileID: 114032352349119930}
  - {fileID: 114822434518037380}
  - {fileID: 114151935705741616}
  - {fileID: 114089520013008622}
  - {fileID: 114718412875894480}
  - {fileID: 114281454209172996}
  - {fileID: 114756558522204168}
  - {fileID: 114811668783209688}
  - {fileID: 114355196972487066}
  - {fileID: 114537308406965614}
  - {fileID: 114177732447488690}
  - {fileID: 114444084693975724}
  - {fileID: 114520206570359272}
  EditorParameters: []
  MasterBanks:
  - {fileID: 114992604912432692}
  StringsBanks:
  - {fileID: 114607344294654016}
  stringsBankWriteTime: 637313862049792171
  cacheVersion: 3
--- !u!114 &114032352349119930
MonoBehaviour:
  m_ObjectHideFlags: 0
  m_CorrespondingSourceObject: {fileID: 0}
  m_PrefabInstance: {fileID: 0}
  m_PrefabAsset: {fileID: 0}
  m_GameObject: {fileID: 0}
  m_Enabled: 1
  m_EditorHideFlags: 0
  m_Script: {fileID: 11500000, guid: ceb653cd98e289a4e8697a1af55201f2, type: 3}
  m_Name: event:/Chain/Chain Release
  m_EditorClassIdentifier: 
  Path: event:/Chain/Chain Release
  guid: 9246c5c1e2fbf2408ded30c1ceec6948
  Banks:
  - {fileID: 114669467724770538}
  IsStream: 0
  Is3D: 1
  IsOneShot: 1
  Parameters: []
  MinDistance: 1
  MaxDistance: 20
  Length: 605
--- !u!114 &114040762373766390
MonoBehaviour:
  m_ObjectHideFlags: 0
  m_CorrespondingSourceObject: {fileID: 0}
  m_PrefabInstance: {fileID: 0}
  m_PrefabAsset: {fileID: 0}
  m_GameObject: {fileID: 0}
  m_Enabled: 1
  m_EditorHideFlags: 0
  m_Script: {fileID: 11500000, guid: ceb653cd98e289a4e8697a1af55201f2, type: 3}
  m_Name: event:/Chain/Chain Grab
  m_EditorClassIdentifier: 
  Path: event:/Chain/Chain Grab
  guid: 05b71245373e644ebac66e711080915c
  Banks:
  - {fileID: 114669467724770538}
  IsStream: 0
  Is3D: 1
  IsOneShot: 1
  Parameters: []
  MinDistance: 1
  MaxDistance: 20
  Length: 507
--- !u!114 &114089520013008622
MonoBehaviour:
  m_ObjectHideFlags: 0
  m_CorrespondingSourceObject: {fileID: 0}
  m_PrefabInstance: {fileID: 0}
  m_PrefabAsset: {fileID: 0}
  m_GameObject: {fileID: 0}
  m_Enabled: 1
  m_EditorHideFlags: 0
  m_Script: {fileID: 11500000, guid: ceb653cd98e289a4e8697a1af55201f2, type: 3}
  m_Name: event:/Player/Player AfterHit
  m_EditorClassIdentifier: 
  Path: event:/Player/Player AfterHit
  guid: 6218f6833b134a4fbee39d7883c68775
  Banks:
  - {fileID: 114195749626093202}
  IsStream: 0
  Is3D: 1
  IsOneShot: 0
  Parameters: []
  MinDistance: 1
  MaxDistance: 20
  Length: 7028
--- !u!114 &114090761655146766
MonoBehaviour:
  m_ObjectHideFlags: 0
  m_CorrespondingSourceObject: {fileID: 0}
  m_PrefabInstance: {fileID: 0}
  m_PrefabAsset: {fileID: 0}
  m_GameObject: {fileID: 0}
  m_Enabled: 1
  m_EditorHideFlags: 0
  m_Script: {fileID: 11500000, guid: c18180ecb35941f4682ae60107b85b7c, type: 3}
  m_Name: bank:/Master.bank
  m_EditorClassIdentifier: 
  Path: ../../Desktop/Runeforged SUONI/Runeforged/Runeforged/Build/Desktop/Master.bank
  SubDir: 
  lastModified: 637286206064184582
  LoadResult: 0
  FileSizes: []
  Exists: 0
--- !u!114 &114101515685189766
MonoBehaviour:
  m_ObjectHideFlags: 0
  m_CorrespondingSourceObject: {fileID: 0}
  m_PrefabInstance: {fileID: 0}
  m_PrefabAsset: {fileID: 0}
  m_GameObject: {fileID: 0}
  m_Enabled: 1
  m_EditorHideFlags: 0
  m_Script: {fileID: 11500000, guid: ceb653cd98e289a4e8697a1af55201f2, type: 3}
  m_Name: event:/Chain/Chain Idle
  m_EditorClassIdentifier: 
  Path: event:/Chain/Chain Idle
  guid: 6c343f8fb8273640b4013204210f3c9b
  Banks:
  - {fileID: 114669467724770538}
  IsStream: 0
  Is3D: 1
  IsOneShot: 0
  Parameters: []
  MinDistance: 1
  MaxDistance: 20
  Length: 5363
--- !u!114 &114135258622195320
MonoBehaviour:
  m_ObjectHideFlags: 0
  m_CorrespondingSourceObject: {fileID: 0}
  m_PrefabInstance: {fileID: 0}
  m_PrefabAsset: {fileID: 0}
  m_GameObject: {fileID: 0}
  m_Enabled: 1
  m_EditorHideFlags: 0
  m_Script: {fileID: 11500000, guid: c18180ecb35941f4682ae60107b85b7c, type: 3}
  m_Name: bank:/Music.bank
  m_EditorClassIdentifier: 
  Path: ../../Desktop/Runeforged SUONI/Runeforged/Runeforged/Build/Desktop/Music.bank
  SubDir: 
  lastModified: 637286206064574675
  LoadResult: 0
  FileSizes: []
  Exists: 0
--- !u!114 &114151935705741616
MonoBehaviour:
  m_ObjectHideFlags: 0
  m_CorrespondingSourceObject: {fileID: 0}
  m_PrefabInstance: {fileID: 0}
  m_PrefabAsset: {fileID: 0}
  m_GameObject: {fileID: 0}
  m_Enabled: 1
  m_EditorHideFlags: 0
  m_Script: {fileID: 11500000, guid: ceb653cd98e289a4e8697a1af55201f2, type: 3}
  m_Name: event:/Music/Music
  m_EditorClassIdentifier: 
  Path: event:/Music/Music
  guid: f6b0be7d44d6184b9f7abafa087c35d7
  Banks:
  - {fileID: 114322404718707794}
  IsStream: 1
  Is3D: 0
  IsOneShot: 0
  Parameters: []
  MinDistance: 0
  MaxDistance: 0
  Length: 238051
--- !u!114 &114177732447488690
MonoBehaviour:
  m_ObjectHideFlags: 0
  m_CorrespondingSourceObject: {fileID: 0}
  m_PrefabInstance: {fileID: 0}
  m_PrefabAsset: {fileID: 0}
  m_GameObject: {fileID: 0}
  m_Enabled: 1
  m_EditorHideFlags: 0
  m_Script: {fileID: 11500000, guid: ceb653cd98e289a4e8697a1af55201f2, type: 3}
  m_Name: event:/Boss/Boss Death
  m_EditorClassIdentifier: 
  Path: event:/Boss/Boss Death
  guid: a39aeeb5cea7bb419629f7045776c2d5
  Banks:
  - {fileID: 114300443125978220}
  IsStream: 0
  Is3D: 1
  IsOneShot: 1
  Parameters: []
  MinDistance: 1
  MaxDistance: 20
  Length: 1690
--- !u!114 &114187010485009004
MonoBehaviour:
  m_ObjectHideFlags: 0
  m_CorrespondingSourceObject: {fileID: 0}
  m_PrefabInstance: {fileID: 0}
  m_PrefabAsset: {fileID: 0}
  m_GameObject: {fileID: 0}
  m_Enabled: 1
  m_EditorHideFlags: 0
  m_Script: {fileID: 11500000, guid: c18180ecb35941f4682ae60107b85b7c, type: 3}
  m_Name: bank:/Boss.bank
  m_EditorClassIdentifier: 
  Path: ../../Desktop/Runeforged SUONI/Runeforged/Runeforged/Build/Desktop/Boss.bank
  SubDir: 
  lastModified: 637286206061934086
  LoadResult: 0
  FileSizes: []
  Exists: 0
--- !u!114 &114195749626093202
MonoBehaviour:
  m_ObjectHideFlags: 0
  m_CorrespondingSourceObject: {fileID: 0}
  m_PrefabInstance: {fileID: 0}
  m_PrefabAsset: {fileID: 0}
  m_GameObject: {fileID: 0}
  m_Enabled: 1
  m_EditorHideFlags: 0
  m_Script: {fileID: 11500000, guid: c18180ecb35941f4682ae60107b85b7c, type: 3}
  m_Name: bank:/Player.bank
  m_EditorClassIdentifier: 
  Path: ../../Desktop/Runeforged SUONI/Runeforged/Runeforged/Build/Desktop/Player.bank
  SubDir: 
  lastModified: 637313862050871466
  LoadResult: 0
  FileSizes: []
  Exists: 1
--- !u!114 &114234834375578884
MonoBehaviour:
  m_ObjectHideFlags: 0
  m_CorrespondingSourceObject: {fileID: 0}
  m_PrefabInstance: {fileID: 0}
  m_PrefabAsset: {fileID: 0}
  m_GameObject: {fileID: 0}
  m_Enabled: 1
  m_EditorHideFlags: 0
  m_Script: {fileID: 11500000, guid: c18180ecb35941f4682ae60107b85b7c, type: 3}
  m_Name: bank:/Master.bank
  m_EditorClassIdentifier: 
  Path: ../../Desktop/Build/Desktop/Master.bank
  SubDir: 
  lastModified: 637284475933119275
  LoadResult: 0
  FileSizes: []
  Exists: 0
--- !u!114 &114249840279806306
MonoBehaviour:
  m_ObjectHideFlags: 0
  m_CorrespondingSourceObject: {fileID: 0}
  m_PrefabInstance: {fileID: 0}
  m_PrefabAsset: {fileID: 0}
  m_GameObject: {fileID: 0}
  m_Enabled: 1
  m_EditorHideFlags: 0
  m_Script: {fileID: 11500000, guid: ceb653cd98e289a4e8697a1af55201f2, type: 3}
  m_Name: event:/Boss/Boss Idle
  m_EditorClassIdentifier: 
  Path: event:/Boss/Boss Idle
  guid: 51db321d2f1dc74f9f5d460fb5d104be
  Banks:
  - {fileID: 114300443125978220}
  IsStream: 1
  Is3D: 1
  IsOneShot: 0
  Parameters: []
  MinDistance: 1
  MaxDistance: 20
  Length: 14363
--- !u!114 &114276133823219658
MonoBehaviour:
  m_ObjectHideFlags: 0
  m_CorrespondingSourceObject: {fileID: 0}
  m_PrefabInstance: {fileID: 0}
  m_PrefabAsset: {fileID: 0}
  m_GameObject: {fileID: 0}
  m_Enabled: 1
  m_EditorHideFlags: 0
  m_Script: {fileID: 11500000, guid: ceb653cd98e289a4e8697a1af55201f2, type: 3}
  m_Name: event:/Boss/Boss Shield Crack
  m_EditorClassIdentifier: 
  Path: event:/Boss/Boss Shield Crack
  guid: 21744e86a08ec240b73db5c80572559f
  Banks:
  - {fileID: 114300443125978220}
  IsStream: 0
  Is3D: 1
  IsOneShot: 1
  Parameters: []
  MinDistance: 1
  MaxDistance: 20
  Length: 875
--- !u!114 &114281454209172996
MonoBehaviour:
  m_ObjectHideFlags: 0
  m_CorrespondingSourceObject: {fileID: 0}
  m_PrefabInstance: {fileID: 0}
  m_PrefabAsset: {fileID: 0}
  m_GameObject: {fileID: 0}
  m_Enabled: 1
  m_EditorHideFlags: 0
  m_Script: {fileID: 11500000, guid: ceb653cd98e289a4e8697a1af55201f2, type: 3}
  m_Name: event:/Player/Player Attack
  m_EditorClassIdentifier: 
  Path: event:/Player/Player Attack
  guid: 806bb47f1ece3d4588263cbae9dba60a
  Banks:
  - {fileID: 114195749626093202}
  IsStream: 0
  Is3D: 1
  IsOneShot: 1
  Parameters: []
  MinDistance: 1
  MaxDistance: 20
  Length: 3350
--- !u!114 &114300443125978220
MonoBehaviour:
  m_ObjectHideFlags: 0
  m_CorrespondingSourceObject: {fileID: 0}
  m_PrefabInstance: {fileID: 0}
  m_PrefabAsset: {fileID: 0}
  m_GameObject: {fileID: 0}
  m_Enabled: 1
  m_EditorHideFlags: 0
  m_Script: {fileID: 11500000, guid: c18180ecb35941f4682ae60107b85b7c, type: 3}
  m_Name: bank:/Boss.bank
  m_EditorClassIdentifier: 
  Path: ../../Desktop/Runeforged SUONI/Runeforged/Runeforged/Build/Desktop/Boss.bank
  SubDir: 
  lastModified: 637313862049032671
  LoadResult: 0
  FileSizes: []
  Exists: 1
--- !u!114 &114322404718707794
MonoBehaviour:
  m_ObjectHideFlags: 0
  m_CorrespondingSourceObject: {fileID: 0}
  m_PrefabInstance: {fileID: 0}
  m_PrefabAsset: {fileID: 0}
  m_GameObject: {fileID: 0}
  m_Enabled: 1
  m_EditorHideFlags: 0
  m_Script: {fileID: 11500000, guid: c18180ecb35941f4682ae60107b85b7c, type: 3}
  m_Name: bank:/Music.bank
  m_EditorClassIdentifier: 
  Path: ../../Desktop/Runeforged SUONI/Runeforged/Runeforged/Build/Desktop/Music.bank
  SubDir: 
  lastModified: 637313862050361795
  LoadResult: 0
  FileSizes: []
  Exists: 1
--- !u!114 &114327334812656426
MonoBehaviour:
  m_ObjectHideFlags: 0
  m_CorrespondingSourceObject: {fileID: 0}
  m_PrefabInstance: {fileID: 0}
  m_PrefabAsset: {fileID: 0}
  m_GameObject: {fileID: 0}
  m_Enabled: 1
  m_EditorHideFlags: 0
  m_Script: {fileID: 11500000, guid: c18180ecb35941f4682ae60107b85b7c, type: 3}
  m_Name: bank:/Player.bank
  m_EditorClassIdentifier: 
  Path: ../../Desktop/Runeforged SUONI/Runeforged/Runeforged/Build/Desktop/Player.bank
  SubDir: 
  lastModified: 637313849813813954
  LoadResult: 0
  FileSizes: []
  Exists: 0
--- !u!114 &114341216422938030
MonoBehaviour:
  m_ObjectHideFlags: 0
  m_CorrespondingSourceObject: {fileID: 0}
  m_PrefabInstance: {fileID: 0}
  m_PrefabAsset: {fileID: 0}
  m_GameObject: {fileID: 0}
  m_Enabled: 1
  m_EditorHideFlags: 0
  m_Script: {fileID: 11500000, guid: c18180ecb35941f4682ae60107b85b7c, type: 3}
  m_Name: bank:/SFX.bank
  m_EditorClassIdentifier: 
  Path: ../../Desktop/Runeforged SUONI/Runeforged/Runeforged/Build/Desktop/SFX.bank
  SubDir: 
  lastModified: 637313851149088961
  LoadResult: 0
  FileSizes: []
  Exists: 0
--- !u!114 &114355196972487066
MonoBehaviour:
  m_ObjectHideFlags: 0
  m_CorrespondingSourceObject: {fileID: 0}
  m_PrefabInstance: {fileID: 0}
  m_PrefabAsset: {fileID: 0}
  m_GameObject: {fileID: 0}
  m_Enabled: 1
  m_EditorHideFlags: 0
  m_Script: {fileID: 11500000, guid: ceb653cd98e289a4e8697a1af55201f2, type: 3}
  m_Name: event:/Boss/Boss Hurt
  m_EditorClassIdentifier: 
  Path: event:/Boss/Boss Hurt
  guid: 62aedabd4506ae43b1f27c95cda9e6e9
  Banks:
  - {fileID: 114300443125978220}
  IsStream: 0
  Is3D: 1
  IsOneShot: 1
  Parameters: []
  MinDistance: 1
  MaxDistance: 20
  Length: 667
--- !u!114 &114441841401833960
MonoBehaviour:
  m_ObjectHideFlags: 0
  m_CorrespondingSourceObject: {fileID: 0}
  m_PrefabInstance: {fileID: 0}
  m_PrefabAsset: {fileID: 0}
  m_GameObject: {fileID: 0}
  m_Enabled: 1
  m_EditorHideFlags: 0
  m_Script: {fileID: 11500000, guid: c18180ecb35941f4682ae60107b85b7c, type: 3}
  m_Name: bank:/Boss.bank
  m_EditorClassIdentifier: 
  Path: ../../Desktop/Build/Desktop/Boss.bank
  SubDir: 
  lastModified: 637284475932619153
  LoadResult: 0
  FileSizes: []
  Exists: 0
--- !u!114 &114442738479734240
MonoBehaviour:
  m_ObjectHideFlags: 0
  m_CorrespondingSourceObject: {fileID: 0}
  m_PrefabInstance: {fileID: 0}
  m_PrefabAsset: {fileID: 0}
  m_GameObject: {fileID: 0}
  m_Enabled: 1
  m_EditorHideFlags: 0
  m_Script: {fileID: 11500000, guid: c18180ecb35941f4682ae60107b85b7c, type: 3}
  m_Name: bank:/Chain.bank
  m_EditorClassIdentifier: 
  Path: ../../Desktop/Runeforged SUONI/Runeforged/Runeforged/Build/Desktop/Chain.bank
  SubDir: 
  lastModified: 637313851082688141
  LoadResult: 0
  FileSizes: []
  Exists: 0
--- !u!114 &114444084693975724
MonoBehaviour:
  m_ObjectHideFlags: 0
  m_CorrespondingSourceObject: {fileID: 0}
  m_PrefabInstance: {fileID: 0}
  m_PrefabAsset: {fileID: 0}
  m_GameObject: {fileID: 0}
  m_Enabled: 1
  m_EditorHideFlags: 0
  m_Script: {fileID: 11500000, guid: ceb653cd98e289a4e8697a1af55201f2, type: 3}
  m_Name: event:/SFX/Menu Click
  m_EditorClassIdentifier: 
  Path: event:/SFX/Menu Click
  guid: 182f8f5c999e3a43b2d6413d1ae11950
  Banks:
  - {fileID: 114454208060315156}
  IsStream: 0
  Is3D: 1
  IsOneShot: 1
  Parameters: []
  MinDistance: 1
  MaxDistance: 20
  Length: 69
--- !u!114 &114454208060315156
MonoBehaviour:
  m_ObjectHideFlags: 0
  m_CorrespondingSourceObject: {fileID: 0}
  m_PrefabInstance: {fileID: 0}
  m_PrefabAsset: {fileID: 0}
  m_GameObject: {fileID: 0}
  m_Enabled: 1
  m_EditorHideFlags: 0
  m_Script: {fileID: 11500000, guid: c18180ecb35941f4682ae60107b85b7c, type: 3}
  m_Name: bank:/SFX.bank
  m_EditorClassIdentifier: 
  Path: ../../Desktop/Runeforged SUONI/Runeforged/Runeforged/Build/Desktop/SFX.bank
  SubDir: 
  lastModified: 637313862051221229
  LoadResult: 0
  FileSizes: []
  Exists: 1
--- !u!114 &114520206570359272
MonoBehaviour:
  m_ObjectHideFlags: 0
  m_CorrespondingSourceObject: {fileID: 0}
  m_PrefabInstance: {fileID: 0}
  m_PrefabAsset: {fileID: 0}
  m_GameObject: {fileID: 0}
  m_Enabled: 1
  m_EditorHideFlags: 0
  m_Script: {fileID: 11500000, guid: ceb653cd98e289a4e8697a1af55201f2, type: 3}
  m_Name: event:/SFX/Menu Enter
  m_EditorClassIdentifier: 
  Path: event:/SFX/Menu Enter
  guid: 2f5340c165604d499d449259a69d5be2
  Banks:
  - {fileID: 114454208060315156}
  IsStream: 0
  Is3D: 1
  IsOneShot: 1
  Parameters: []
  MinDistance: 1
  MaxDistance: 20
  Length: 189
--- !u!114 &114523320003746124
MonoBehaviour:
  m_ObjectHideFlags: 0
  m_CorrespondingSourceObject: {fileID: 0}
  m_PrefabInstance: {fileID: 0}
  m_PrefabAsset: {fileID: 0}
  m_GameObject: {fileID: 0}
  m_Enabled: 1
  m_EditorHideFlags: 0
  m_Script: {fileID: 11500000, guid: c18180ecb35941f4682ae60107b85b7c, type: 3}
  m_Name: bank:/Chain.bank
  m_EditorClassIdentifier: 
  Path: ../../Desktop/Build/Desktop/Chain.bank
  SubDir: 
  lastModified: 637284475933029262
  LoadResult: 0
  FileSizes: []
  Exists: 0
--- !u!114 &114537308406965614
MonoBehaviour:
  m_ObjectHideFlags: 0
  m_CorrespondingSourceObject: {fileID: 0}
  m_PrefabInstance: {fileID: 0}
  m_PrefabAsset: {fileID: 0}
  m_GameObject: {fileID: 0}
  m_Enabled: 1
  m_EditorHideFlags: 0
  m_Script: {fileID: 11500000, guid: ceb653cd98e289a4e8697a1af55201f2, type: 3}
  m_Name: event:/Boss/Boss WakeUp
  m_EditorClassIdentifier: 
  Path: event:/Boss/Boss WakeUp
  guid: a0f627f2b5e0f347bb77d2481ab3fa99
  Banks:
  - {fileID: 114300443125978220}
  IsStream: 0
  Is3D: 1
  IsOneShot: 1
  Parameters: []
  MinDistance: 1
  MaxDistance: 20
  Length: 1513
--- !u!114 &114577219342940534
MonoBehaviour:
  m_ObjectHideFlags: 0
  m_CorrespondingSourceObject: {fileID: 0}
  m_PrefabInstance: {fileID: 0}
  m_PrefabAsset: {fileID: 0}
  m_GameObject: {fileID: 0}
  m_Enabled: 1
  m_EditorHideFlags: 0
  m_Script: {fileID: 11500000, guid: c18180ecb35941f4682ae60107b85b7c, type: 3}
  m_Name: bank:/Chain.bank
  m_EditorClassIdentifier: 
  Path: ../../Desktop/Runeforged SUONI/Runeforged/Runeforged/Build/Desktop/Chain.bank
  SubDir: 
  lastModified: 637286206064104564
  LoadResult: 0
  FileSizes: []
  Exists: 0
--- !u!114 &114589321139165770
MonoBehaviour:
  m_ObjectHideFlags: 0
  m_CorrespondingSourceObject: {fileID: 0}
  m_PrefabInstance: {fileID: 0}
  m_PrefabAsset: {fileID: 0}
  m_GameObject: {fileID: 0}
  m_Enabled: 1
  m_EditorHideFlags: 0
  m_Script: {fileID: 11500000, guid: c18180ecb35941f4682ae60107b85b7c, type: 3}
  m_Name: bank:/Music.bank
  m_EditorClassIdentifier: 
  Path: ../../Desktop/Build/Desktop/Music.bank
  SubDir: 
  lastModified: 637284475933269305
  LoadResult: 0
  FileSizes: []
  Exists: 0
--- !u!114 &114607344294654016
MonoBehaviour:
  m_ObjectHideFlags: 0
  m_CorrespondingSourceObject: {fileID: 0}
  m_PrefabInstance: {fileID: 0}
  m_PrefabAsset: {fileID: 0}
  m_GameObject: {fileID: 0}
  m_Enabled: 1
  m_EditorHideFlags: 0
  m_Script: {fileID: 11500000, guid: c18180ecb35941f4682ae60107b85b7c, type: 3}
  m_Name: bank:/Master.strings.bank
  m_EditorClassIdentifier: 
  Path: ../../Desktop/Runeforged SUONI/Runeforged/Runeforged/Build/Desktop/Master.strings.bank
  SubDir: 
  lastModified: 637313862049792171
  LoadResult: 0
  FileSizes:
  - Name: Desktop
    Value: 1892
  Exists: 1
--- !u!114 &114638706567848808
MonoBehaviour:
  m_ObjectHideFlags: 0
  m_CorrespondingSourceObject: {fileID: 0}
  m_PrefabInstance: {fileID: 0}
  m_PrefabAsset: {fileID: 0}
  m_GameObject: {fileID: 0}
  m_Enabled: 1
  m_EditorHideFlags: 0
  m_Script: {fileID: 11500000, guid: c18180ecb35941f4682ae60107b85b7c, type: 3}
  m_Name: bank:/Boss Death.bank
  m_EditorClassIdentifier: 
  Path: ../../Desktop/Build/Desktop/Boss Death.bank
  SubDir: 
  lastModified: 637284475932079037
  LoadResult: 0
  FileSizes: []
  Exists: 0
--- !u!114 &114643711733170398
MonoBehaviour:
  m_ObjectHideFlags: 0
  m_CorrespondingSourceObject: {fileID: 0}
  m_PrefabInstance: {fileID: 0}
  m_PrefabAsset: {fileID: 0}
  m_GameObject: {fileID: 0}
  m_Enabled: 1
  m_EditorHideFlags: 0
  m_Script: {fileID: 11500000, guid: c18180ecb35941f4682ae60107b85b7c, type: 3}
  m_Name: bank:/Master.bank
  m_EditorClassIdentifier: 
  Path: ../../Desktop/Runeforged SUONI/Runeforged/Runeforged/Build/Desktop/Master.bank
  SubDir: 
  lastModified: 637313851082778081
  LoadResult: 0
  FileSizes: []
  Exists: 0
--- !u!114 &114666279419861192
MonoBehaviour:
  m_ObjectHideFlags: 0
  m_CorrespondingSourceObject: {fileID: 0}
  m_PrefabInstance: {fileID: 0}
  m_PrefabAsset: {fileID: 0}
  m_GameObject: {fileID: 0}
  m_Enabled: 1
  m_EditorHideFlags: 0
  m_Script: {fileID: 11500000, guid: c18180ecb35941f4682ae60107b85b7c, type: 3}
  m_Name: bank:/Music.bank
  m_EditorClassIdentifier: 
  Path: ../../Desktop/Runeforged SUONI/Runeforged/Runeforged/Build/Desktop/Music.bank
  SubDir: 
  lastModified: 637313849811385536
  LoadResult: 0
  FileSizes: []
  Exists: 0
--- !u!114 &114669467724770538
MonoBehaviour:
  m_ObjectHideFlags: 0
  m_CorrespondingSourceObject: {fileID: 0}
  m_PrefabInstance: {fileID: 0}
  m_PrefabAsset: {fileID: 0}
  m_GameObject: {fileID: 0}
  m_Enabled: 1
  m_EditorHideFlags: 0
  m_Script: {fileID: 11500000, guid: c18180ecb35941f4682ae60107b85b7c, type: 3}
  m_Name: bank:/Chain.bank
  m_EditorClassIdentifier: 
  Path: ../../Desktop/Runeforged SUONI/Runeforged/Runeforged/Build/Desktop/Chain.bank
  SubDir: 
  lastModified: 637313862049502366
  LoadResult: 0
  FileSizes: []
  Exists: 1
--- !u!114 &114676085499494446
MonoBehaviour:
  m_ObjectHideFlags: 0
  m_CorrespondingSourceObject: {fileID: 0}
  m_PrefabInstance: {fileID: 0}
  m_PrefabAsset: {fileID: 0}
  m_GameObject: {fileID: 0}
  m_Enabled: 1
  m_EditorHideFlags: 0
  m_Script: {fileID: 11500000, guid: ceb653cd98e289a4e8697a1af55201f2, type: 3}
  m_Name: event:/Boss/Boss Hit Wall
  m_EditorClassIdentifier: 
  Path: event:/Boss/Boss Hit Wall
  guid: 040ce00386b8834f864b2a9e2a594baf
  Banks:
  - {fileID: 114300443125978220}
  IsStream: 0
  Is3D: 1
  IsOneShot: 1
  Parameters: []
  MinDistance: 1
  MaxDistance: 20
  Length: 154
--- !u!114 &114705771089038048
MonoBehaviour:
  m_ObjectHideFlags: 0
  m_CorrespondingSourceObject: {fileID: 0}
  m_PrefabInstance: {fileID: 0}
  m_PrefabAsset: {fileID: 0}
  m_GameObject: {fileID: 0}
  m_Enabled: 1
  m_EditorHideFlags: 0
  m_Script: {fileID: 11500000, guid: c18180ecb35941f4682ae60107b85b7c, type: 3}
  m_Name: bank:/Player.bank
  m_EditorClassIdentifier: 
  Path: ../../Desktop/Runeforged SUONI/Runeforged/Runeforged/Build/Desktop/Player.bank
  SubDir: 
  lastModified: 637286206065594906
  LoadResult: 0
  FileSizes: []
  Exists: 0
--- !u!114 &114713620544947992
MonoBehaviour:
  m_ObjectHideFlags: 0
  m_CorrespondingSourceObject: {fileID: 0}
  m_PrefabInstance: {fileID: 0}
  m_PrefabAsset: {fileID: 0}
  m_GameObject: {fileID: 0}
  m_Enabled: 1
  m_EditorHideFlags: 0
  m_Script: {fileID: 11500000, guid: c18180ecb35941f4682ae60107b85b7c, type: 3}
  m_Name: bank:/Player.bank
  m_EditorClassIdentifier: 
  Path: ../../Desktop/Runeforged SUONI/Runeforged/Runeforged/Build/Desktop/Player.bank
  SubDir: 
  lastModified: 637313851148799167
  LoadResult: 0
  FileSizes: []
  Exists: 0
--- !u!114 &114718412875894480
MonoBehaviour:
  m_ObjectHideFlags: 0
  m_CorrespondingSourceObject: {fileID: 0}
  m_PrefabInstance: {fileID: 0}
  m_PrefabAsset: {fileID: 0}
  m_GameObject: {fileID: 0}
  m_Enabled: 1
  m_EditorHideFlags: 0
  m_Script: {fileID: 11500000, guid: ceb653cd98e289a4e8697a1af55201f2, type: 3}
  m_Name: event:/Player/Player Punch
  m_EditorClassIdentifier: 
  Path: event:/Player/Player Punch
  guid: 7e1eadb890d5064085000e2ca4d2a6ea
  Banks:
  - {fileID: 114195749626093202}
  IsStream: 0
  Is3D: 1
  IsOneShot: 1
  Parameters: []
  MinDistance: 1
  MaxDistance: 20
  Length: 3350
--- !u!114 &114739972109066458
MonoBehaviour:
  m_ObjectHideFlags: 0
  m_CorrespondingSourceObject: {fileID: 0}
  m_PrefabInstance: {fileID: 0}
  m_PrefabAsset: {fileID: 0}
  m_GameObject: {fileID: 0}
  m_Enabled: 1
  m_EditorHideFlags: 0
  m_Script: {fileID: 11500000, guid: ceb653cd98e289a4e8697a1af55201f2, type: 3}
  m_Name: event:/Chain/Chain Unwind
  m_EditorClassIdentifier: 
  Path: event:/Chain/Chain Unwind
  guid: 771fcaea6bd72846834bd96680994b4b
  Banks:
  - {fileID: 114669467724770538}
  IsStream: 0
  Is3D: 1
  IsOneShot: 1
  Parameters: []
  MinDistance: 1
  MaxDistance: 20
  Length: 3350
--- !u!114 &114756558522204168
MonoBehaviour:
  m_ObjectHideFlags: 0
  m_CorrespondingSourceObject: {fileID: 0}
  m_PrefabInstance: {fileID: 0}
  m_PrefabAsset: {fileID: 0}
  m_GameObject: {fileID: 0}
  m_Enabled: 1
  m_EditorHideFlags: 0
  m_Script: {fileID: 11500000, guid: ceb653cd98e289a4e8697a1af55201f2, type: 3}
  m_Name: event:/Player/Player GetHit
  m_EditorClassIdentifier: 
  Path: event:/Player/Player GetHit
  guid: a424362fdc953948824d3c10d9dd8977
  Banks:
  - {fileID: 114195749626093202}
  IsStream: 0
  Is3D: 1
  IsOneShot: 1
  Parameters: []
  MinDistance: 1
  MaxDistance: 20
  Length: 650
--- !u!114 &114800416854797066
MonoBehaviour:
  m_ObjectHideFlags: 0
  m_CorrespondingSourceObject: {fileID: 0}
  m_PrefabInstance: {fileID: 0}
  m_PrefabAsset: {fileID: 0}
  m_GameObject: {fileID: 0}
  m_Enabled: 1
  m_EditorHideFlags: 0
  m_Script: {fileID: 11500000, guid: c18180ecb35941f4682ae60107b85b7c, type: 3}
  m_Name: bank:/Chain.bank
  m_EditorClassIdentifier: 
  Path: ../../Desktop/Runeforged SUONI/Runeforged/Runeforged/Build/Desktop/Chain.bank
  SubDir: 
  lastModified: 637313849733533275
  LoadResult: 0
  FileSizes: []
  Exists: 0
--- !u!114 &114811668783209688
MonoBehaviour:
  m_ObjectHideFlags: 0
  m_CorrespondingSourceObject: {fileID: 0}
  m_PrefabInstance: {fileID: 0}
  m_PrefabAsset: {fileID: 0}
  m_GameObject: {fileID: 0}
  m_Enabled: 1
  m_EditorHideFlags: 0
  m_Script: {fileID: 11500000, guid: ceb653cd98e289a4e8697a1af55201f2, type: 3}
  m_Name: event:/Player/Player Dash
  m_EditorClassIdentifier: 
  Path: event:/Player/Player Dash
  guid: fe7e06d1fa1ff044a3e32917a73e50df
  Banks:
  - {fileID: 114195749626093202}
  IsStream: 0
  Is3D: 1
  IsOneShot: 1
  Parameters: []
  MinDistance: 1
  MaxDistance: 20
  Length: 383
--- !u!114 &114817061806338436
MonoBehaviour:
  m_ObjectHideFlags: 0
  m_CorrespondingSourceObject: {fileID: 0}
  m_PrefabInstance: {fileID: 0}
  m_PrefabAsset: {fileID: 0}
  m_GameObject: {fileID: 0}
  m_Enabled: 1
  m_EditorHideFlags: 0
  m_Script: {fileID: 11500000, guid: ceb653cd98e289a4e8697a1af55201f2, type: 3}
  m_Name: event:/Chain/Chain Launch
  m_EditorClassIdentifier: 
  Path: event:/Chain/Chain Launch
  guid: 8250834e338b5f43b320cdc402007c1e
  Banks:
  - {fileID: 114669467724770538}
  IsStream: 0
  Is3D: 1
  IsOneShot: 1
  Parameters: []
  MinDistance: 1
  MaxDistance: 20
  Length: 1001
--- !u!114 &114822434518037380
MonoBehaviour:
  m_ObjectHideFlags: 0
  m_CorrespondingSourceObject: {fileID: 0}
  m_PrefabInstance: {fileID: 0}
  m_PrefabAsset: {fileID: 0}
  m_GameObject: {fileID: 0}
  m_Enabled: 1
  m_EditorHideFlags: 0
  m_Script: {fileID: 11500000, guid: ceb653cd98e289a4e8697a1af55201f2, type: 3}
  m_Name: event:/Chain/Chain Trigger
  m_EditorClassIdentifier: 
  Path: event:/Chain/Chain Trigger
  guid: bf673d3922242342b282fbecaba955d4
  Banks:
  - {fileID: 114669467724770538}
  IsStream: 0
  Is3D: 1
  IsOneShot: 1
  Parameters: []
  MinDistance: 1
  MaxDistance: 20
  Length: 295
--- !u!114 &114844371013507382
MonoBehaviour:
  m_ObjectHideFlags: 0
  m_CorrespondingSourceObject: {fileID: 0}
  m_PrefabInstance: {fileID: 0}
  m_PrefabAsset: {fileID: 0}
  m_GameObject: {fileID: 0}
  m_Enabled: 1
  m_EditorHideFlags: 0
  m_Script: {fileID: 11500000, guid: c18180ecb35941f4682ae60107b85b7c, type: 3}
  m_Name: bank:/Boss.bank
  m_EditorClassIdentifier: 
  Path: ../../Desktop/Runeforged SUONI/Runeforged/Runeforged/Build/Desktop/Boss.bank
  SubDir: 
  lastModified: 637313849731044919
  LoadResult: 0
  FileSizes: []
  Exists: 0
--- !u!114 &114855728577207018
MonoBehaviour:
  m_ObjectHideFlags: 0
  m_CorrespondingSourceObject: {fileID: 0}
  m_PrefabInstance: {fileID: 0}
  m_PrefabAsset: {fileID: 0}
  m_GameObject: {fileID: 0}
  m_Enabled: 1
  m_EditorHideFlags: 0
  m_Script: {fileID: 11500000, guid: c18180ecb35941f4682ae60107b85b7c, type: 3}
  m_Name: bank:/Player.bank
  m_EditorClassIdentifier: 
  Path: ../../Desktop/Build/Desktop/Player.bank
  SubDir: 
  lastModified: 637284475933779424
  LoadResult: 0
  FileSizes: []
  Exists: 0
--- !u!114 &114871099683353380
MonoBehaviour:
  m_ObjectHideFlags: 0
  m_CorrespondingSourceObject: {fileID: 0}
  m_PrefabInstance: {fileID: 0}
  m_PrefabAsset: {fileID: 0}
  m_GameObject: {fileID: 0}
  m_Enabled: 1
  m_EditorHideFlags: 0
  m_Script: {fileID: 11500000, guid: c18180ecb35941f4682ae60107b85b7c, type: 3}
  m_Name: bank:/Master.strings.bank
  m_EditorClassIdentifier: 
  Path: ../../Desktop/Build/Desktop/Master.strings.bank
  SubDir: 
  lastModified: 637284475933179288
  LoadResult: 0
  FileSizes:
  - Name: Desktop
    Value: 1832
  - Name: MonoBleedingEdge
    Value: 1832
  - Name: RuneForged_Data
    Value: 1832
  Exists: 0
--- !u!114 &114878523650538224
MonoBehaviour:
  m_ObjectHideFlags: 0
  m_CorrespondingSourceObject: {fileID: 0}
  m_PrefabInstance: {fileID: 0}
  m_PrefabAsset: {fileID: 0}
  m_GameObject: {fileID: 0}
  m_Enabled: 1
  m_EditorHideFlags: 0
  m_Script: {fileID: 11500000, guid: c18180ecb35941f4682ae60107b85b7c, type: 3}
  m_Name: bank:/Master.bank
  m_EditorClassIdentifier: 
  Path: ../../Desktop/Runeforged SUONI/Runeforged/Runeforged/Build/Desktop/Master.bank
  SubDir: 
  lastModified: 637313849733613221
  LoadResult: 0
  FileSizes: []
  Exists: 0
--- !u!114 &114902514173731634
MonoBehaviour:
  m_ObjectHideFlags: 0
  m_CorrespondingSourceObject: {fileID: 0}
  m_PrefabInstance: {fileID: 0}
  m_PrefabAsset: {fileID: 0}
  m_GameObject: {fileID: 0}
  m_Enabled: 1
  m_EditorHideFlags: 0
  m_Script: {fileID: 11500000, guid: c18180ecb35941f4682ae60107b85b7c, type: 3}
  m_Name: bank:/Boss.bank
  m_EditorClassIdentifier: 
  Path: ../../Desktop/Runeforged SUONI/Runeforged/Runeforged/Build/Desktop/Boss.bank
  SubDir: 
  lastModified: 637313851082358345
  LoadResult: 0
  FileSizes: []
  Exists: 0
--- !u!114 &114905563420492464
MonoBehaviour:
  m_ObjectHideFlags: 0
  m_CorrespondingSourceObject: {fileID: 0}
  m_PrefabInstance: {fileID: 0}
  m_PrefabAsset: {fileID: 0}
  m_GameObject: {fileID: 0}
  m_Enabled: 1
  m_EditorHideFlags: 0
  m_Script: {fileID: 11500000, guid: c18180ecb35941f4682ae60107b85b7c, type: 3}
  m_Name: bank:/Music.bank
  m_EditorClassIdentifier: 
  Path: ../../Desktop/Runeforged SUONI/Runeforged/Runeforged/Build/Desktop/Music.bank
  SubDir: 
  lastModified: 637313851148509328
  LoadResult: 0
  FileSizes: []
  Exists: 0
--- !u!114 &114966901210831572
MonoBehaviour:
  m_ObjectHideFlags: 0
  m_CorrespondingSourceObject: {fileID: 0}
  m_PrefabInstance: {fileID: 0}
  m_PrefabAsset: {fileID: 0}
  m_GameObject: {fileID: 0}
  m_Enabled: 1
  m_EditorHideFlags: 0
  m_Script: {fileID: 11500000, guid: c18180ecb35941f4682ae60107b85b7c, type: 3}
  m_Name: bank:/SFX.bank
  m_EditorClassIdentifier: 
  Path: ../../Desktop/Runeforged SUONI/Runeforged/Runeforged/Build/Desktop/SFX.bank
  SubDir: 
  lastModified: 637313849814603459
  LoadResult: 0
  FileSizes: []
  Exists: 0
--- !u!114 &114971149763912772
MonoBehaviour:
  m_ObjectHideFlags: 0
  m_CorrespondingSourceObject: {fileID: 0}
  m_PrefabInstance: {fileID: 0}
  m_PrefabAsset: {fileID: 0}
  m_GameObject: {fileID: 0}
  m_Enabled: 1
  m_EditorHideFlags: 0
  m_Script: {fileID: 11500000, guid: ceb653cd98e289a4e8697a1af55201f2, type: 3}
  m_Name: event:/Chain/Chain Retrieve
  m_EditorClassIdentifier: 
  Path: event:/Chain/Chain Retrieve
  guid: 3a53c0df1fad18498a13c00c3b4757a5
  Banks:
  - {fileID: 114669467724770538}
  IsStream: 0
  Is3D: 1
  IsOneShot: 1
  Parameters: []
  MinDistance: 1
  MaxDistance: 20
  Length: 1001
--- !u!114 &114972059873218504
MonoBehaviour:
  m_ObjectHideFlags: 0
  m_CorrespondingSourceObject: {fileID: 0}
  m_PrefabInstance: {fileID: 0}
  m_PrefabAsset: {fileID: 0}
  m_GameObject: {fileID: 0}
  m_Enabled: 1
  m_EditorHideFlags: 0
  m_Script: {fileID: 11500000, guid: c18180ecb35941f4682ae60107b85b7c, type: 3}
  m_Name: bank:/Boss Death.bank
  m_EditorClassIdentifier: 
  Path: ../../Desktop/Runeforged SUONI/Runeforged/Runeforged/Build/Desktop/Boss Death.bank
  SubDir: 
  lastModified: 637286206059828476
  LoadResult: 0
  FileSizes: []
  Exists: 0
--- !u!114 &114992604912432692
MonoBehaviour:
  m_ObjectHideFlags: 0
  m_CorrespondingSourceObject: {fileID: 0}
  m_PrefabInstance: {fileID: 0}
  m_PrefabAsset: {fileID: 0}
  m_GameObject: {fileID: 0}
  m_Enabled: 1
  m_EditorHideFlags: 0
  m_Script: {fileID: 11500000, guid: c18180ecb35941f4682ae60107b85b7c, type: 3}
  m_Name: bank:/Master.bank
  m_EditorClassIdentifier: 
  Path: ../../Desktop/Runeforged SUONI/Runeforged/Runeforged/Build/Desktop/Master.bank
  SubDir: 
  lastModified: 637313862049662253
  LoadResult: 0
  FileSizes: []
  Exists: 1
